@Manual{Illibro,
  title = {Il libro},
  author = {{XX}},
  address = {Italia},
  year = {2016},
}

@Article{Book,
  title = {Book},
  author = {{JJ}},
  address = {UK},
  year = {2020},
}